@misc{ACMCodeOfEthics,
  title = {ACM Code of Ethics and Professional Conduct},
  author = {{Association for Computing Machinery (ACM)}},
  year = {2018},
  url = {https://www.acm.org/code-of-ethics},
  organization = {Association for Computing Machinery (ACM)},
}

@misc{meltdownWikipedia,
    author = {{Wikipedia contributors}},
    title = {Meltdown (security vulnerability)},
    howpublished = {\url{https://en.wikipedia.org/wiki/Meltdown_(security_vulnerability)}},
    year = {ongoing},
    note = {[Online; accessed April 13, 2024]}
}

@misc{spectre_wikipedia,
    author = {{Wikipedia contributors}},
    title = {Spectre (security vulnerability)},
    howpublished = {\url{https://en.wikipedia.org/wiki/Spectre_(security_vulnerability)}},
    year = {ongoing},
    note = {[Online; accessed April 13, 2024]}
}

@misc{speculative_execution_wikipedia,
    author = {{Wikipedia contributors}},
    title = {Speculative execution},
    howpublished = {\url{https://en.wikipedia.org/wiki/Speculative_execution}},
    year = {ongoing},
    note = {[Online; accessed April 13, 2024]}
}

@misc{stuxnet_wikipedia,
    author = {{Wikipedia contributors}},
    title = {Stuxnet},
    howpublished = {\url{https://en.wikipedia.org/wiki/Stuxnet}},
    year = {ongoing},
    note = {[Online; accessed April 13, 2024]}
}

@misc{apple_fbi_encryption_dispute_wikipedia,
    author = {{Wikipedia contributors}},
    title = {Appleâ€“FBI encryption dispute},
    howpublished = {\url{https://en.wikipedia.org/wiki/Apple%E2%80%93FBI_encryption_dispute}},
    year = {ongoing},
    note = {[Online; accessed April 13, 2024]}
}

@misc{linux_kernel_wikipedia,
    author = {{Wikipedia contributors}},
    title = {Linux kernel},
    howpublished = {\url{https://en.wikipedia.org/wiki/Linux_kernel}},
    year = {ongoing},
    note = {[Online; accessed April 13, 2024]}
}

