@misc{ACMCodeOfEthics,
  title = {ACM Code of Ethics and Professional Conduct},
  author = {{Association for Computing Machinery (ACM)}},
  year = {2018},
  url = {https://www.acm.org/code-of-ethics},
  organization = {Association for Computing Machinery (ACM)},
}
