@misc{ACMCodeOfEthics,
  title = {ACM Code of Ethics and Professional Conduct},
  author = {{Association for Computing Machinery (ACM)}},
  year = {2018},
  url = {https://www.acm.org/code-of-ethics},
  organization = {Association for Computing Machinery (ACM)},
}

@misc{meltdownWikipedia,
    author = {{Wikipedia contributors}},
    title = {Meltdown (security vulnerability)},
    howpublished = {\url{https://en.wikipedia.org/wiki/Meltdown_(security_vulnerability)}},
    year = {ongoing},
    note = {[Online; accessed April 13, 2024]}
}

@misc{spectre_wikipedia,
    author = {{Wikipedia contributors}},
    title = {Spectre (security vulnerability)},
    howpublished = {\url{https://en.wikipedia.org/wiki/Spectre_(security_vulnerability)}},
    year = {ongoing},
    note = {[Online; accessed April 13, 2024]}
}

@misc{speculative_execution_wikipedia,
    author = {{Wikipedia contributors}},
    title = {Speculative execution},
    howpublished = {\url{https://en.wikipedia.org/wiki/Speculative_execution}},
    year = {ongoing},
    note = {[Online; accessed April 13, 2024]}
}

@misc{stuxnet_wikipedia,
    author = {{Wikipedia contributors}},
    title = {Stuxnet},
    howpublished = {\url{https://en.wikipedia.org/wiki/Stuxnet}},
    year = {ongoing},
    note = {[Online; accessed April 13, 2024]}
}

@misc{apple_fbi_encryption_dispute_wikipedia,
    author = {{Wikipedia contributors}},
    title = {Appleâ€“FBI encryption dispute},
    howpublished = {\url{https://en.wikipedia.org/wiki/Apple%E2%80%93FBI_encryption_dispute}},
    year = {ongoing},
    note = {[Online; accessed April 13, 2024]}
}

@misc{linux_kernel_wikipedia,
    author = {{Wikipedia contributors}},
    title = {Linux kernel},
    howpublished = {\url{https://en.wikipedia.org/wiki/Linux_kernel}},
    year = {ongoing},
    note = {[Online; accessed April 13, 2024]}
}

@misc{snowden_guardian,
    author = {{The Guardian}},
    title = {Edward Snowden: the whistleblower behind the NSA surveillance revelations},
    journal = {The Guardian},
    year = {2013},
    month = {Jun},
    day = {9},
    howpublished = {\url{https://www.theguardian.com/world/2013/jun/09/edward-snowden-nsa-whistleblower-surveillance}},
    urldate = {2024-04-13}
}

@misc{hackernews_windows10_privacy,
    author = {The Hacker News},
    title = {Microsoft Admits Windows 10 Auto-Spying},
    year = {2016},
    month = {Feb},
    howpublished = {\url{https://thehackernews.com/2016/02/microsoft-windows10-privacy.html}},
    urldate = {2024-04-13}
}

@misc{boisestate_ethical_business_practices,
    author = {Boise College of Busniess and Economics},
    title = {Cultivating Ethical Business Practices in Your Organization},
    howpublished = {\url{https://www.boisestate.edu/cobe/blog/2024/03/cultivating-ethical-business-practices-in-your-organization/}},
    year = {2024},
    month = {Mar},
    urldate = {2024-04-13}
}
